@misc{ELE747,
  author = {École de Technologie Supérieure (ÉTS)},
  title = {ELE747 - Analyse et traitement d'images},
  year = {2021},
  howpublished = {\url{https://www.etsmtl.ca/etudes/cours/ele747/}}
}

@misc{Keras-site,
    author="Keras",
    title="Page Github de Keras",
    note={\url{https://github.com/keras-team/keras/}},
    year={2020}
}

@misc{Tensorflow-site,
    author="Tensorflow",
    title="Page d'accueil de Tensorflow",
    note={\url{https://www.tensorflow.org/}},
    year={2020}
}

@misc{Numpy-site,
    author="Numpy",
    title="Page d'accueil de Numpy",
    note={\url{https://numpy.org/}},
    year={2020}
}

@misc{Noise2Noise,
      title={Noise2Noise: Learning Image Restoration without Clean Data},
      author={Jaakko Lehtinen and Jacob Munkberg and Jon Hasselgren and Samuli Laine and Tero Karras and Miika Aittala and Timo Aila},
      year={2018},
      eprint={1803.04189},
      archivePrefix={arXiv},
      primaryClass={cs.CV}
}

@misc{Noise2Noise-GitHub,
  author = {Nvidia Research Labs},
  title = {Noise 2 Noise},
  year = {2018},
  publisher = {GitHub},
  journal = {GitHub repository},
  howpublished = {\url{https://github.com/NVlabs/noise2noise}},
  commit = {c40a0481198bb524d0b70c2cc452f21bd7aec85c}
}

@misc{Unet,
      title={U-Net: Convolutional Networks for Biomedical Image Segmentation},
      author={Olaf Ronneberger and Philipp Fischer and Thomas Brox},
      year={2015},
      eprint={1505.04597},
      archivePrefix={arXiv},
      primaryClass={cs.CV}
}

@misc{PSNRWiki,
  author = "{Wikipedia contributors}",
  title = "Peak signal-to-noise ratio --- {W}ikipedia{,} The Free Encyclopedia",
  year = "2021",
  url = "https://en.wikipedia.org/wiki/Peak_signal-to-noise_ratio",
  note = "[En ligne; Accéder le 18 May 2021]"
}
