@misc{Keras-site,
    author="Keras",
    title="Page Github de Keras",

    note={\url{https://github.com/keras-team/keras/}},
    year={2020}
}

@misc{Tensorflow-site,
    author="Tensorflow",
    title="Page d'accueil de Tensorflow",
    note={\url{https://www.tensorflow.org/}},
    year={2020}
}

@misc{Numpy-site,
    author="Numpy",
    title="Page d'accueil de Numpy",
    note={\url{https://numpy.org/}},
    year={2020}
}

@article{Dropout-article,
  author  = {Srivastava, N. and Hinton, G. and Krishevsky, A. and Sutskever, I. and Salakhutdinov, R},
  title   = {Droupout: A Simple Way to Prevent Neural Networks from Overfitting},
  journal = {Journal of  Machine Learning Reasearch},
  year    = 2014,
  number  = 15,
  pages   = {1929-1958},
  month   = 6
}

@misc{AlphaGo-movie,
  title =   {AlphaGo : The Movie},
  author = {Krieg, G. and Proudfoot, K. and Rosen, J.},
  director = {Kohs, G.},
  year = {2017},
  publisher = {Moxie Pictures},
  note = {\url{https://www.youtube.com/watch?v=WXuK6gekU1Y}}
}

@misc{Chess-Ai,
    author = {Gebhardt P.},
    title = {The history of Chess Ai},
    note = {\url{https://blog.paessler.com/the-history-of-chess-ai}},
    year = 2019,
    month = 2,
    day = 25
}

@misc{OpenAi-Dota,
    author = {OpenAI},
    title = {Dota 2},
    note = {\url{https://openai.com/blog/dota-2/}},
    year = 2017,
    month = 8,
    day = 11
}

@misc{OpenAi-Five,
    author = {OpenAI},
    title = {OpenAI Five},
    note = {\url{https://openai.com/projects/five/}},
    year = 2019,
    month = 8,
    day = 25
}

@book{Von-Neumann,
  author    = {Von Neumann, J. and Mogenstern O.},
  title     = {Theory of Games and Economic Behavior},
  publisher = {Princeton University Press},
  year      = 1953,
  address   = {The address},
  edition   = 2,
  isbn      = {9780691041834}
}

@misc{OpenAi-Gym,
    author = {OpenAI},
    title = {Gym},
    note = {\url{https://gym.openai.com/}},
    year = {2020}
}

@misc{OpenAi-Gym-Env,
    author = {OpenAI},
    title = {Gym Environments},
    note = {\url{https://gym.openai.com/envs}},
    year = {2020}
}

@misc{Python-Method,
    author = {Python},
    title = {Data Model : Special Method Names},
    note = {\url{https://docs.python.org/3/reference/datamodel.html#basic-customization}},
    year = {2020}
}

@article{Medium-DQN,
    author = {Theiler S.},
    title = {Building a Powerful DQN in TensorFlow 2.0 },
    note = {\url{https://link.medium.com/MhVSk5Wnnab}},
    year = {2020}
}

@article{DQN-Article,
  author  = {Mnih V. and Kavukcuoglu K. and Silver D. and Graves A. and Antonoglou I. and Wierstra D. and Riedmiller M.},
  title   = {Playing Atari with Deep Reinforcement Learning},
  journal = {Journal of Machine Learning Reasearch},
  year    = 2014,
  number  = 15,
  pages   = {1929-1958},
  month   = 6,
  note    = {\url{https://www.cs.toronto.edu/~vmnih/docs/dqn.pdf}}
}

@article{DeepMind-DQN,
  author  = {Mnih V. and Kavukcuoglu K. and Silver D. and Rusu A. A.},
  title   = {Human-level control through deep reinforcement learning},
  journal = {Nature},
  year    = 2015,
  number  = 15,
  pages   = {529-542},
  month   = 2
}
Tom Schaul, John Quan, Ioannis Antonoglou and David Silver

@article{PER-Article,
  author  = {Schaul T. and Quan J. and Antonoglou I. and Silver D.},
  title   = {Prioritized Experience Replay},
  year    = 2016,
  note    = {\url{https://arxiv.org/pdf/1511.05952.pdf}}
}

Volodymyr Mnih Koray Kavukcuoglu David Silver Alex Graves Ioannis Antonoglou
Daan Wierstra Martin Riedmiller
