@misc{Keras-site,
    author="Keras",
    title="Page Github de Keras",

    note={\url{https://github.com/keras-team/keras/}},
    year={2020}
}

@misc{Tensorflow-site,
    author="Tensorflow",
    title="Page d'accueil de Tensorflow",
    note={\url{https://www.tensorflow.org/}},
    year={2020}
}

@misc{Numpy-site,
    author="Numpy",
    title="Page d'accueil de Numpy",
    note={\url{https://numpy.org/}},
    year={2020}
}

@article{Dropout-article,
  author  = {Srivastava, N. and Hinton, G. and Krishevsky, A. and Sutskever, I. and Salakhutdinov, R},
  title   = {Droupout: A Simple Way to Prevent Neural Networks from Overfitting},
  journal = {Journal of  Machine Learning Reasearch},
  year    = 2014,
  number  = 15,
  pages   = {1929-1958},
  month   = 6
}
